<?xml version="1.0" encoding="UTF-8"?>
<OAI-PMH xmlns="http://www.openarchives.org/OAI/2.0/" xmlns:xsi="http://www.w3.org/2001/XMLSchema-instance" xsi:schemaLocation="http://www.openarchives.org/OAI/2.0/ http://www.openarchives.org/OAI/2.0/OAI-PMH.xsd">
<ListRecords>
<record>
<header status="updated">
<identifier>urm_publish:71303283220002121</identifier>
</header>
<metadata>
<record xmlns="http://www.loc.gov/MARC21/slim" xmlns:xsi="http://www.w3.org/2001/XMLSchema-instance" xsi:schemaLocation="http://www.loc.gov/MARC21/slim http://www.loc.gov/standards/marcxml/schema/MARC21slim.xsd" ><leader>01068mam a2200313   4500</leader><controlfield tag="005">20111121094323.0</controlfield><controlfield tag="008">750813s1943    enkacf        000 0 eng  </controlfield><controlfield tag="001">999721084202121</controlfield><datafield tag="010" ind1=" " ind2=" "><subfield code="a">a  43003084 </subfield></datafield><datafield tag="035" ind1=" " ind2=" "><subfield code="a">(OCoLC)01544241</subfield></datafield><datafield tag="035" ind1=" " ind2=" "><subfield code="9">ART1230UW</subfield></datafield><datafield tag="035" ind1=" " ind2=" "><subfield code="a">(WU)2838010-uwmadisondb</subfield></datafield><datafield tag="040" ind1=" " ind2=" "><subfield code="a">DLC</subfield><subfield code="b">eng</subfield><subfield code="c">FQG</subfield><subfield code="d">m.c.</subfield><subfield code="d">OCL</subfield><subfield code="d">m/c</subfield></datafield><datafield tag="049" ind1=" " ind2=" "><subfield code="a">GZMA</subfield></datafield><datafield tag="050" ind1="0" ind2="0"><subfield code="a">QH137</subfield><subfield code="b">.D3</subfield></datafield><datafield tag="082" ind1=" " ind2="0"><subfield code="a">574.942</subfield></datafield><datafield tag="100" ind1="1" ind2=" "><subfield code="a">Darling, F. Fraser</subfield><subfield code="q">(Frank Fraser),</subfield><subfield code="d">1903-1979.</subfield><subfield code="2">LCNAMES</subfield><subfield code="0">41-LIBRARY_OF_CONGRESS-n  50037917</subfield><subfield code="9">Y</subfield></datafield><datafield tag="245" ind1="1" ind2="0"><subfield code="a">Wild life of Britain /</subfield><subfield code="c">F. Fraser Darling; with 8 plates in colour and 29 illustrations in black &amp; white.</subfield></datafield><datafield tag="264" ind1=" " ind2="1"><subfield code="a">London :</subfield><subfield code="b">W. Collins,</subfield><subfield code="c">1943.</subfield></datafield><datafield tag="300" ind1=" " ind2=" "><subfield code="a">47 pages, 1 unnumbered page :</subfield><subfield code="b">illustrations (including portraits) color plates ;</subfield><subfield code="c">23 cm.</subfield></datafield><datafield tag="336" ind1=" " ind2=" "><subfield code="a">text</subfield><subfield code="b">txt</subfield><subfield code="2">rdacontent</subfield></datafield><datafield tag="337" ind1=" " ind2=" "><subfield code="a">unmediated</subfield><subfield code="b">n</subfield><subfield code="2">rdamedia</subfield></datafield><datafield tag="338" ind1=" " ind2=" "><subfield code="a">volume</subfield><subfield code="b">nc</subfield><subfield code="2">rdacarrier</subfield></datafield><datafield tag="490" ind1="1" ind2=" "><subfield code="a">Britain in pictures</subfield></datafield><datafield tag="500" ind1=" " ind2=" "><subfield code="a">The British people in pictures.</subfield></datafield><datafield tag="650" ind1=" " ind2="0"><subfield code="a">Natural history</subfield><subfield code="z">Great Britain.</subfield><subfield code="2">LCSH</subfield><subfield code="0">41-LIBRARY_OF_CONGRESS-sh2008108319</subfield><subfield code="9">Y</subfield></datafield><datafield tag="650" ind1=" " ind2="0"><subfield code="a">Zoology</subfield><subfield code="z">Great Britain.</subfield><subfield code="2">LCSH</subfield><subfield code="0">41-LIBRARY_OF_CONGRESS-sh2008124326</subfield><subfield code="9">Y</subfield></datafield><datafield tag="830" ind1=" " ind2="0"><subfield code="a">Britain in pictures.</subfield><subfield code="2">LCNAMES</subfield><subfield code="0">41-LIBRARY_OF_CONGRESS-n  84744358</subfield><subfield code="9">Y</subfield></datafield><datafield tag="997" ind1=" " ind2=" "><subfield code="a">MARCIVE</subfield></datafield><datafield tag="100" ind1="1" ind2=" "><subfield code="a">Darling, Frank Fraser,</subfield><subfield code="d">1903-1979</subfield><subfield code="2">LCNAMES</subfield><subfield code="0">41-LIBRARY_OF_CONGRESS-n  50037917</subfield><subfield code="9">N</subfield></datafield><datafield tag="100" ind1="1" ind2=" "><subfield code="a">Fraser Darling, Frank,</subfield><subfield code="d">1903-1979</subfield><subfield code="2">LCNAMES</subfield><subfield code="0">41-LIBRARY_OF_CONGRESS-n  50037917</subfield><subfield code="9">N</subfield></datafield><datafield tag="100" ind1="1" ind2=" "><subfield code="w">nna</subfield><subfield code="a">Darling, Frank Fraser,</subfield><subfield code="c">Sir,</subfield><subfield code="d">1903-</subfield><subfield code="2">LCNAMES</subfield><subfield code="0">41-LIBRARY_OF_CONGRESS-n  50037917</subfield><subfield code="9">N</subfield></datafield><datafield tag="INST" ind1=" " ind2=" "><subfield code="a">01UWI_NETWORK</subfield><subfield code="b">P</subfield><subfield code="c">71303283220002121</subfield></datafield><datafield tag="INST" ind1=" " ind2=" "><subfield code="a">01UWI_MAD</subfield><subfield code="b">P</subfield><subfield code="c">21569491840002122</subfield></datafield><datafield tag="AVA" ind1=" " ind2=" "><subfield code="0">9928380103602122</subfield><subfield code="8">22569491830002122</subfield><subfield code="a">01UWI_MAD</subfield><subfield code="b">MEMORIAL</subfield><subfield code="c">Cutter Collection</subfield><subfield code="d">MV45 D24</subfield><subfield code="e">available</subfield><subfield code="f">1</subfield><subfield code="g">0</subfield><subfield code="j">cutr</subfield><subfield code="k">8</subfield><subfield code="p">1</subfield><subfield code="q">Memorial Library</subfield></datafield><datafield tag="AVA" ind1=" " ind2=" "><subfield code="0">9928380103602122</subfield><subfield code="8">22788531320002122</subfield><subfield code="a">01UWI_MAD</subfield><subfield code="b">SCISHELV</subfield><subfield code="c">by request only</subfield><subfield code="d">RS D24 W (16-C-9)</subfield><subfield code="e">available</subfield><subfield code="f">1</subfield><subfield code="g">0</subfield><subfield code="j">stk</subfield><subfield code="k">8</subfield><subfield code="p">2</subfield><subfield code="q">Science Libraries Shelving Facility</subfield></datafield><datafield tag="MMS" ind1=" " ind2=" "><subfield code="b">999721084202121</subfield><subfield code="a">01UWI_NETWORK</subfield></datafield><datafield tag="MMS" ind1=" " ind2=" "><subfield code="b">9928380103602122</subfield><subfield code="a">01UWI_MAD</subfield></datafield></record>
</metadata>
</record>
</ListRecords>
</OAI-PMH>